@article{schafer,
  title={Missing data: our view of the state of the art.},
  author={Schafer, Joseph L and Graham, John W},
  journal={Psychological methods},
  volume={7},
  number={2},
  pages={147},
  year={2002},
  publisher={American Psychological Association}
}

@article{seaman,
  title={Review of inverse probability weighting for dealing with missing data},
  author={Seaman, Shaun R and White, Ian R},
  journal={Statistical methods in medical research},
  volume={22},
  number={3},
  pages={278--295},
  year={2013},
  publisher={Sage Publications Sage UK: London, England}
}

@article{weaver,
  title={An estimated likelihood method for continuous outcome regression models with outcome-dependent sampling},
  author={Weaver, Mark A and Zhou, Haibo},
  journal={Journal of the American Statistical Association},
  volume={100},
  number={470},
  pages={459--469},
  year={2005},
  publisher={Taylor \& Francis}
}

@article{white,
  title={Bias and efficiency of multiple imputation compared with complete-case analysis for missing covariate values},
  author={White, Ian R and Carlin, John B},
  journal={Statistics in medicine},
  volume={29},
  number={28},
  pages={2920--2931},
  year={2010},
  publisher={Wiley Online Library}
}

@article{zhao,
  title={Designs and analysis of two-stage studies},
  author={Zhao, LP and Lipsitz, S},
  journal={Statistics in medicine},
  volume={11},
  number={6},
  pages={769--782},
  year={1992},
  publisher={Wiley Online Library}
}
